%YAML 1.1
%TAG !u! tag:unity3d.com,2011:
--- !u!1 &1499264694898788539
GameObject:
  m_ObjectHideFlags: 0
  m_CorrespondingSourceObject: {fileID: 0}
  m_PrefabInstance: {fileID: 0}
  m_PrefabAsset: {fileID: 0}
  serializedVersion: 6
  m_Component:
  - component: {fileID: 7671981151294331776}
  - component: {fileID: 4805188424837767882}
  - component: {fileID: 8325694772578944606}
  m_Layer: 0
  m_Name: default
  m_TagString: Untagged
  m_Icon: {fileID: 0}
  m_NavMeshLayer: 0
  m_StaticEditorFlags: 0
  m_IsActive: 1
--- !u!4 &7671981151294331776
Transform:
  m_ObjectHideFlags: 0
  m_CorrespondingSourceObject: {fileID: 0}
  m_PrefabInstance: {fileID: 0}
  m_PrefabAsset: {fileID: 0}
  m_GameObject: {fileID: 1499264694898788539}
  m_LocalRotation: {x: 0, y: -0, z: -0, w: 1}
  m_LocalPosition: {x: -0, y: 0, z: 0}
  m_LocalScale: {x: 1, y: 1, z: 1}
  m_Children: []
  m_Father: {fileID: 7064016992829254360}
  m_RootOrder: 0
  m_LocalEulerAnglesHint: {x: 0, y: 0, z: 0}
--- !u!33 &4805188424837767882
MeshFilter:
  m_ObjectHideFlags: 0
  m_CorrespondingSourceObject: {fileID: 0}
  m_PrefabInstance: {fileID: 0}
  m_PrefabAsset: {fileID: 0}
  m_GameObject: {fileID: 1499264694898788539}
  m_Mesh: {fileID: -2432090755550338912, guid: ac66e0831850d6a40844129ddd2606da, type: 3}
--- !u!23 &8325694772578944606
MeshRenderer:
  m_ObjectHideFlags: 0
  m_CorrespondingSourceObject: {fileID: 0}
  m_PrefabInstance: {fileID: 0}
  m_PrefabAsset: {fileID: 0}
  m_GameObject: {fileID: 1499264694898788539}
  m_Enabled: 1
  m_CastShadows: 1
  m_ReceiveShadows: 1
  m_DynamicOccludee: 1
  m_MotionVectors: 1
  m_LightProbeUsage: 1
  m_ReflectionProbeUsage: 1
  m_RayTracingMode: 2
  m_RayTraceProcedural: 0
  m_RenderingLayerMask: 257
  m_RendererPriority: 0
  m_Materials:
  - {fileID: 2100000, guid: e5fc926d89359f64486e26b05f8ad9f3, type: 2}
  m_StaticBatchInfo:
    firstSubMesh: 0
    subMeshCount: 0
  m_StaticBatchRoot: {fileID: 0}
  m_ProbeAnchor: {fileID: 0}
  m_LightProbeVolumeOverride: {fileID: 0}
  m_ScaleInLightmap: 1
  m_ReceiveGI: 1
  m_PreserveUVs: 0
  m_IgnoreNormalsForChartDetection: 0
  m_ImportantGI: 0
  m_StitchLightmapSeams: 1
  m_SelectedEditorRenderState: 3
  m_MinimumChartSize: 4
  m_AutoUVMaxDistance: 0.5
  m_AutoUVMaxAngle: 89
  m_LightmapParameters: {fileID: 0}
  m_SortingLayerID: 0
  m_SortingLayer: 0
  m_SortingOrder: 0
  m_AdditionalVertexStreams: {fileID: 0}
--- !u!1 &7585115841794502754
GameObject:
  m_ObjectHideFlags: 0
  m_CorrespondingSourceObject: {fileID: 0}
  m_PrefabInstance: {fileID: 0}
  m_PrefabAsset: {fileID: 0}
  serializedVersion: 6
  m_Component:
  - component: {fileID: 7064016992829254360}
  - component: {fileID: 7681673321824699722}
  m_Layer: 0
  m_Name: 3x Service-Floor
  m_TagString: Untagged
  m_Icon: {fileID: 0}
  m_NavMeshLayer: 0
  m_StaticEditorFlags: 0
  m_IsActive: 1
--- !u!4 &7064016992829254360
Transform:
  m_ObjectHideFlags: 0
  m_CorrespondingSourceObject: {fileID: 0}
  m_PrefabInstance: {fileID: 0}
  m_PrefabAsset: {fileID: 0}
  m_GameObject: {fileID: 7585115841794502754}
  m_LocalRotation: {x: 0, y: -0, z: -0, w: 1}
  m_LocalPosition: {x: -34, y: -6, z: 10}
  m_LocalScale: {x: 1, y: 1, z: 1}
  m_Children:
  - {fileID: 7671981151294331776}
  - {fileID: 5817560973824137617}
  - {fileID: 4828125634097202849}
  - {fileID: 2644560202508891120}
  - {fileID: 8581600325343043218}
  - {fileID: 8682853394174475964}
  - {fileID: 6801817586439240582}
  - {fileID: 4408946992287995121}
  - {fileID: 7486231740823576051}
  m_Father: {fileID: 0}
  m_RootOrder: 0
  m_LocalEulerAnglesHint: {x: 0, y: 0, z: 0}
--- !u!65 &7681673321824699722
BoxCollider:
  m_ObjectHideFlags: 0
  m_CorrespondingSourceObject: {fileID: 0}
  m_PrefabInstance: {fileID: 0}
  m_PrefabAsset: {fileID: 0}
  m_GameObject: {fileID: 7585115841794502754}
  m_Material: {fileID: 0}
  m_IsTrigger: 0
  m_Enabled: 1
  serializedVersion: 2
  m_Size: {x: 3.1, y: 0.3, z: 3.1}
  m_Center: {x: -1.5, y: 0.15, z: -1.5}
--- !u!1001 &886550176041314829
PrefabInstance:
  m_ObjectHideFlags: 0
  serializedVersion: 2
  m_Modification:
    m_TransformParent: {fileID: 7064016992829254360}
    m_Modifications:
    - target: {fileID: 6981151195418848580, guid: d798f98ec0a853c418f38022574c5a01, type: 3}
      propertyPath: m_Name
      value: Service-Floor (8)
      objectReference: {fileID: 0}
    - target: {fileID: 7757970061478574078, guid: d798f98ec0a853c418f38022574c5a01, type: 3}
      propertyPath: m_RootOrder
      value: 8
      objectReference: {fileID: 0}
    - target: {fileID: 7757970061478574078, guid: d798f98ec0a853c418f38022574c5a01, type: 3}
      propertyPath: m_LocalPosition.x
      value: 0
      objectReference: {fileID: 0}
    - target: {fileID: 7757970061478574078, guid: d798f98ec0a853c418f38022574c5a01, type: 3}
      propertyPath: m_LocalPosition.y
      value: 0
      objectReference: {fileID: 0}
    - target: {fileID: 7757970061478574078, guid: d798f98ec0a853c418f38022574c5a01, type: 3}
      propertyPath: m_LocalPosition.z
      value: -3
      objectReference: {fileID: 0}
    - target: {fileID: 7757970061478574078, guid: d798f98ec0a853c418f38022574c5a01, type: 3}
      propertyPath: m_LocalRotation.w
      value: 1
      objectReference: {fileID: 0}
    - target: {fileID: 7757970061478574078, guid: d798f98ec0a853c418f38022574c5a01, type: 3}
      propertyPath: m_LocalRotation.x
      value: -0
      objectReference: {fileID: 0}
    - target: {fileID: 7757970061478574078, guid: d798f98ec0a853c418f38022574c5a01, type: 3}
      propertyPath: m_LocalRotation.y
      value: -0
      objectReference: {fileID: 0}
    - target: {fileID: 7757970061478574078, guid: d798f98ec0a853c418f38022574c5a01, type: 3}
      propertyPath: m_LocalRotation.z
      value: -0
      objectReference: {fileID: 0}
    - target: {fileID: 7757970061478574078, guid: d798f98ec0a853c418f38022574c5a01, type: 3}
      propertyPath: m_LocalEulerAnglesHint.x
      value: 0
      objectReference: {fileID: 0}
    - target: {fileID: 7757970061478574078, guid: d798f98ec0a853c418f38022574c5a01, type: 3}
      propertyPath: m_LocalEulerAnglesHint.y
      value: 0
      objectReference: {fileID: 0}
    - target: {fileID: 7757970061478574078, guid: d798f98ec0a853c418f38022574c5a01, type: 3}
      propertyPath: m_LocalEulerAnglesHint.z
      value: 0
      objectReference: {fileID: 0}
    m_RemovedComponents: []
  m_SourcePrefab: {fileID: 100100000, guid: d798f98ec0a853c418f38022574c5a01, type: 3}
--- !u!4 &7486231740823576051 stripped
Transform:
  m_CorrespondingSourceObject: {fileID: 7757970061478574078, guid: d798f98ec0a853c418f38022574c5a01, type: 3}
  m_PrefabInstance: {fileID: 886550176041314829}
  m_PrefabAsset: {fileID: 0}
--- !u!1001 &1429445940281592130
PrefabInstance:
  m_ObjectHideFlags: 0
  serializedVersion: 2
  m_Modification:
    m_TransformParent: {fileID: 7064016992829254360}
    m_Modifications:
    - target: {fileID: 6981151195418848580, guid: d798f98ec0a853c418f38022574c5a01, type: 3}
      propertyPath: m_Name
      value: Service-Floor (5)
      objectReference: {fileID: 0}
    - target: {fileID: 7757970061478574078, guid: d798f98ec0a853c418f38022574c5a01, type: 3}
      propertyPath: m_RootOrder
      value: 5
      objectReference: {fileID: 0}
    - target: {fileID: 7757970061478574078, guid: d798f98ec0a853c418f38022574c5a01, type: 3}
      propertyPath: m_LocalPosition.x
      value: -3
      objectReference: {fileID: 0}
    - target: {fileID: 7757970061478574078, guid: d798f98ec0a853c418f38022574c5a01, type: 3}
      propertyPath: m_LocalPosition.y
      value: 0
      objectReference: {fileID: 0}
    - target: {fileID: 7757970061478574078, guid: d798f98ec0a853c418f38022574c5a01, type: 3}
      propertyPath: m_LocalPosition.z
      value: -3
      objectReference: {fileID: 0}
    - target: {fileID: 7757970061478574078, guid: d798f98ec0a853c418f38022574c5a01, type: 3}
      propertyPath: m_LocalRotation.w
      value: 1
      objectReference: {fileID: 0}
    - target: {fileID: 7757970061478574078, guid: d798f98ec0a853c418f38022574c5a01, type: 3}
      propertyPath: m_LocalRotation.x
      value: -0
      objectReference: {fileID: 0}
    - target: {fileID: 7757970061478574078, guid: d798f98ec0a853c418f38022574c5a01, type: 3}
      propertyPath: m_LocalRotation.y
      value: -0
      objectReference: {fileID: 0}
    - target: {fileID: 7757970061478574078, guid: d798f98ec0a853c418f38022574c5a01, type: 3}
      propertyPath: m_LocalRotation.z
      value: -0
      objectReference: {fileID: 0}
    - target: {fileID: 7757970061478574078, guid: d798f98ec0a853c418f38022574c5a01, type: 3}
      propertyPath: m_LocalEulerAnglesHint.x
      value: 0
      objectReference: {fileID: 0}
    - target: {fileID: 7757970061478574078, guid: d798f98ec0a853c418f38022574c5a01, type: 3}
      propertyPath: m_LocalEulerAnglesHint.y
      value: 0
      objectReference: {fileID: 0}
    - target: {fileID: 7757970061478574078, guid: d798f98ec0a853c418f38022574c5a01, type: 3}
      propertyPath: m_LocalEulerAnglesHint.z
      value: 0
      objectReference: {fileID: 0}
    m_RemovedComponents: []
  m_SourcePrefab: {fileID: 100100000, guid: d798f98ec0a853c418f38022574c5a01, type: 3}
--- !u!4 &8682853394174475964 stripped
Transform:
  m_CorrespondingSourceObject: {fileID: 7757970061478574078, guid: d798f98ec0a853c418f38022574c5a01, type: 3}
  m_PrefabInstance: {fileID: 1429445940281592130}
  m_PrefabAsset: {fileID: 0}
--- !u!1001 &2071128808336484716
PrefabInstance:
  m_ObjectHideFlags: 0
  serializedVersion: 2
  m_Modification:
    m_TransformParent: {fileID: 7064016992829254360}
    m_Modifications:
    - target: {fileID: 6981151195418848580, guid: d798f98ec0a853c418f38022574c5a01, type: 3}
      propertyPath: m_Name
      value: Service-Floor (4)
      objectReference: {fileID: 0}
    - target: {fileID: 7757970061478574078, guid: d798f98ec0a853c418f38022574c5a01, type: 3}
      propertyPath: m_RootOrder
      value: 4
      objectReference: {fileID: 0}
    - target: {fileID: 7757970061478574078, guid: d798f98ec0a853c418f38022574c5a01, type: 3}
      propertyPath: m_LocalPosition.x
      value: -6
      objectReference: {fileID: 0}
    - target: {fileID: 7757970061478574078, guid: d798f98ec0a853c418f38022574c5a01, type: 3}
      propertyPath: m_LocalPosition.y
      value: 0
      objectReference: {fileID: 0}
    - target: {fileID: 7757970061478574078, guid: d798f98ec0a853c418f38022574c5a01, type: 3}
      propertyPath: m_LocalPosition.z
      value: -6
      objectReference: {fileID: 0}
    - target: {fileID: 7757970061478574078, guid: d798f98ec0a853c418f38022574c5a01, type: 3}
      propertyPath: m_LocalRotation.w
      value: 1
      objectReference: {fileID: 0}
    - target: {fileID: 7757970061478574078, guid: d798f98ec0a853c418f38022574c5a01, type: 3}
      propertyPath: m_LocalRotation.x
      value: -0
      objectReference: {fileID: 0}
    - target: {fileID: 7757970061478574078, guid: d798f98ec0a853c418f38022574c5a01, type: 3}
      propertyPath: m_LocalRotation.y
      value: -0
      objectReference: {fileID: 0}
    - target: {fileID: 7757970061478574078, guid: d798f98ec0a853c418f38022574c5a01, type: 3}
      propertyPath: m_LocalRotation.z
      value: -0
      objectReference: {fileID: 0}
    - target: {fileID: 7757970061478574078, guid: d798f98ec0a853c418f38022574c5a01, type: 3}
      propertyPath: m_LocalEulerAnglesHint.x
      value: 0
      objectReference: {fileID: 0}
    - target: {fileID: 7757970061478574078, guid: d798f98ec0a853c418f38022574c5a01, type: 3}
      propertyPath: m_LocalEulerAnglesHint.y
      value: 0
      objectReference: {fileID: 0}
    - target: {fileID: 7757970061478574078, guid: d798f98ec0a853c418f38022574c5a01, type: 3}
      propertyPath: m_LocalEulerAnglesHint.z
      value: 0
      objectReference: {fileID: 0}
    m_RemovedComponents: []
  m_SourcePrefab: {fileID: 100100000, guid: d798f98ec0a853c418f38022574c5a01, type: 3}
--- !u!4 &8581600325343043218 stripped
Transform:
  m_CorrespondingSourceObject: {fileID: 7757970061478574078, guid: d798f98ec0a853c418f38022574c5a01, type: 3}
  m_PrefabInstance: {fileID: 2071128808336484716}
  m_PrefabAsset: {fileID: 0}
--- !u!1001 &2929919237232914783
PrefabInstance:
  m_ObjectHideFlags: 0
  serializedVersion: 2
  m_Modification:
    m_TransformParent: {fileID: 7064016992829254360}
    m_Modifications:
    - target: {fileID: 6981151195418848580, guid: d798f98ec0a853c418f38022574c5a01, type: 3}
      propertyPath: m_Name
      value: Service-Floor (2)
      objectReference: {fileID: 0}
    - target: {fileID: 7757970061478574078, guid: d798f98ec0a853c418f38022574c5a01, type: 3}
      propertyPath: m_RootOrder
      value: 2
      objectReference: {fileID: 0}
    - target: {fileID: 7757970061478574078, guid: d798f98ec0a853c418f38022574c5a01, type: 3}
      propertyPath: m_LocalPosition.x
      value: -6
      objectReference: {fileID: 0}
    - target: {fileID: 7757970061478574078, guid: d798f98ec0a853c418f38022574c5a01, type: 3}
      propertyPath: m_LocalPosition.y
      value: 0
      objectReference: {fileID: 0}
    - target: {fileID: 7757970061478574078, guid: d798f98ec0a853c418f38022574c5a01, type: 3}
      propertyPath: m_LocalPosition.z
      value: 0
      objectReference: {fileID: 0}
    - target: {fileID: 7757970061478574078, guid: d798f98ec0a853c418f38022574c5a01, type: 3}
      propertyPath: m_LocalRotation.w
      value: 1
      objectReference: {fileID: 0}
    - target: {fileID: 7757970061478574078, guid: d798f98ec0a853c418f38022574c5a01, type: 3}
      propertyPath: m_LocalRotation.x
      value: -0
      objectReference: {fileID: 0}
    - target: {fileID: 7757970061478574078, guid: d798f98ec0a853c418f38022574c5a01, type: 3}
      propertyPath: m_LocalRotation.y
      value: -0
      objectReference: {fileID: 0}
    - target: {fileID: 7757970061478574078, guid: d798f98ec0a853c418f38022574c5a01, type: 3}
      propertyPath: m_LocalRotation.z
      value: -0
      objectReference: {fileID: 0}
    - target: {fileID: 7757970061478574078, guid: d798f98ec0a853c418f38022574c5a01, type: 3}
      propertyPath: m_LocalEulerAnglesHint.x
      value: 0
      objectReference: {fileID: 0}
    - target: {fileID: 7757970061478574078, guid: d798f98ec0a853c418f38022574c5a01, type: 3}
      propertyPath: m_LocalEulerAnglesHint.y
      value: 0
      objectReference: {fileID: 0}
    - target: {fileID: 7757970061478574078, guid: d798f98ec0a853c418f38022574c5a01, type: 3}
      propertyPath: m_LocalEulerAnglesHint.z
      value: 0
      objectReference: {fileID: 0}
    m_RemovedComponents: []
  m_SourcePrefab: {fileID: 100100000, guid: d798f98ec0a853c418f38022574c5a01, type: 3}
--- !u!4 &4828125634097202849 stripped
Transform:
  m_CorrespondingSourceObject: {fileID: 7757970061478574078, guid: d798f98ec0a853c418f38022574c5a01, type: 3}
  m_PrefabInstance: {fileID: 2929919237232914783}
  m_PrefabAsset: {fileID: 0}
--- !u!1001 &3876809436663942264
PrefabInstance:
  m_ObjectHideFlags: 0
  serializedVersion: 2
  m_Modification:
    m_TransformParent: {fileID: 7064016992829254360}
    m_Modifications:
    - target: {fileID: 6981151195418848580, guid: d798f98ec0a853c418f38022574c5a01, type: 3}
      propertyPath: m_Name
      value: Service-Floor (6)
      objectReference: {fileID: 0}
    - target: {fileID: 7757970061478574078, guid: d798f98ec0a853c418f38022574c5a01, type: 3}
      propertyPath: m_RootOrder
      value: 6
      objectReference: {fileID: 0}
    - target: {fileID: 7757970061478574078, guid: d798f98ec0a853c418f38022574c5a01, type: 3}
      propertyPath: m_LocalPosition.x
      value: -3
      objectReference: {fileID: 0}
    - target: {fileID: 7757970061478574078, guid: d798f98ec0a853c418f38022574c5a01, type: 3}
      propertyPath: m_LocalPosition.y
      value: 0
      objectReference: {fileID: 0}
    - target: {fileID: 7757970061478574078, guid: d798f98ec0a853c418f38022574c5a01, type: 3}
      propertyPath: m_LocalPosition.z
      value: -6
      objectReference: {fileID: 0}
    - target: {fileID: 7757970061478574078, guid: d798f98ec0a853c418f38022574c5a01, type: 3}
      propertyPath: m_LocalRotation.w
      value: 1
      objectReference: {fileID: 0}
    - target: {fileID: 7757970061478574078, guid: d798f98ec0a853c418f38022574c5a01, type: 3}
      propertyPath: m_LocalRotation.x
      value: -0
      objectReference: {fileID: 0}
    - target: {fileID: 7757970061478574078, guid: d798f98ec0a853c418f38022574c5a01, type: 3}
      propertyPath: m_LocalRotation.y
      value: -0
      objectReference: {fileID: 0}
    - target: {fileID: 7757970061478574078, guid: d798f98ec0a853c418f38022574c5a01, type: 3}
      propertyPath: m_LocalRotation.z
      value: -0
      objectReference: {fileID: 0}
    - target: {fileID: 7757970061478574078, guid: d798f98ec0a853c418f38022574c5a01, type: 3}
      propertyPath: m_LocalEulerAnglesHint.x
      value: 0
      objectReference: {fileID: 0}
    - target: {fileID: 7757970061478574078, guid: d798f98ec0a853c418f38022574c5a01, type: 3}
      propertyPath: m_LocalEulerAnglesHint.y
      value: 0
      objectReference: {fileID: 0}
    - target: {fileID: 7757970061478574078, guid: d798f98ec0a853c418f38022574c5a01, type: 3}
      propertyPath: m_LocalEulerAnglesHint.z
      value: 0
      objectReference: {fileID: 0}
    m_RemovedComponents: []
  m_SourcePrefab: {fileID: 100100000, guid: d798f98ec0a853c418f38022574c5a01, type: 3}
--- !u!4 &6801817586439240582 stripped
Transform:
  m_CorrespondingSourceObject: {fileID: 7757970061478574078, guid: d798f98ec0a853c418f38022574c5a01, type: 3}
  m_PrefabInstance: {fileID: 3876809436663942264}
  m_PrefabAsset: {fileID: 0}
--- !u!1001 &4257582014552419951
PrefabInstance:
  m_ObjectHideFlags: 0
  serializedVersion: 2
  m_Modification:
    m_TransformParent: {fileID: 7064016992829254360}
    m_Modifications:
    - target: {fileID: 6981151195418848580, guid: d798f98ec0a853c418f38022574c5a01, type: 3}
      propertyPath: m_Name
      value: Service-Floor (1)
      objectReference: {fileID: 0}
    - target: {fileID: 7757970061478574078, guid: d798f98ec0a853c418f38022574c5a01, type: 3}
      propertyPath: m_RootOrder
      value: 1
      objectReference: {fileID: 0}
    - target: {fileID: 7757970061478574078, guid: d798f98ec0a853c418f38022574c5a01, type: 3}
      propertyPath: m_LocalPosition.x
      value: -3
      objectReference: {fileID: 0}
    - target: {fileID: 7757970061478574078, guid: d798f98ec0a853c418f38022574c5a01, type: 3}
      propertyPath: m_LocalPosition.y
      value: 0
      objectReference: {fileID: 0}
    - target: {fileID: 7757970061478574078, guid: d798f98ec0a853c418f38022574c5a01, type: 3}
      propertyPath: m_LocalPosition.z
      value: 0
      objectReference: {fileID: 0}
    - target: {fileID: 7757970061478574078, guid: d798f98ec0a853c418f38022574c5a01, type: 3}
      propertyPath: m_LocalRotation.w
      value: 1
      objectReference: {fileID: 0}
    - target: {fileID: 7757970061478574078, guid: d798f98ec0a853c418f38022574c5a01, type: 3}
      propertyPath: m_LocalRotation.x
      value: -0
      objectReference: {fileID: 0}
    - target: {fileID: 7757970061478574078, guid: d798f98ec0a853c418f38022574c5a01, type: 3}
      propertyPath: m_LocalRotation.y
      value: -0
      objectReference: {fileID: 0}
    - target: {fileID: 7757970061478574078, guid: d798f98ec0a853c418f38022574c5a01, type: 3}
      propertyPath: m_LocalRotation.z
      value: -0
      objectReference: {fileID: 0}
    - target: {fileID: 7757970061478574078, guid: d798f98ec0a853c418f38022574c5a01, type: 3}
      propertyPath: m_LocalEulerAnglesHint.x
      value: 0
      objectReference: {fileID: 0}
    - target: {fileID: 7757970061478574078, guid: d798f98ec0a853c418f38022574c5a01, type: 3}
      propertyPath: m_LocalEulerAnglesHint.y
      value: 0
      objectReference: {fileID: 0}
    - target: {fileID: 7757970061478574078, guid: d798f98ec0a853c418f38022574c5a01, type: 3}
      propertyPath: m_LocalEulerAnglesHint.z
      value: 0
      objectReference: {fileID: 0}
    m_RemovedComponents: []
  m_SourcePrefab: {fileID: 100100000, guid: d798f98ec0a853c418f38022574c5a01, type: 3}
--- !u!4 &5817560973824137617 stripped
Transform:
  m_CorrespondingSourceObject: {fileID: 7757970061478574078, guid: d798f98ec0a853c418f38022574c5a01, type: 3}
  m_PrefabInstance: {fileID: 4257582014552419951}
  m_PrefabAsset: {fileID: 0}
--- !u!1001 &5700015428217521166
PrefabInstance:
  m_ObjectHideFlags: 0
  serializedVersion: 2
  m_Modification:
    m_TransformParent: {fileID: 7064016992829254360}
    m_Modifications:
    - target: {fileID: 6981151195418848580, guid: d798f98ec0a853c418f38022574c5a01, type: 3}
      propertyPath: m_Name
      value: Service-Floor (3)
      objectReference: {fileID: 0}
    - target: {fileID: 7757970061478574078, guid: d798f98ec0a853c418f38022574c5a01, type: 3}
      propertyPath: m_RootOrder
      value: 3
      objectReference: {fileID: 0}
    - target: {fileID: 7757970061478574078, guid: d798f98ec0a853c418f38022574c5a01, type: 3}
      propertyPath: m_LocalPosition.x
      value: -6
      objectReference: {fileID: 0}
    - target: {fileID: 7757970061478574078, guid: d798f98ec0a853c418f38022574c5a01, type: 3}
      propertyPath: m_LocalPosition.y
      value: 0
      objectReference: {fileID: 0}
    - target: {fileID: 7757970061478574078, guid: d798f98ec0a853c418f38022574c5a01, type: 3}
      propertyPath: m_LocalPosition.z
      value: -3
      objectReference: {fileID: 0}
    - target: {fileID: 7757970061478574078, guid: d798f98ec0a853c418f38022574c5a01, type: 3}
      propertyPath: m_LocalRotation.w
      value: 1
      objectReference: {fileID: 0}
    - target: {fileID: 7757970061478574078, guid: d798f98ec0a853c418f38022574c5a01, type: 3}
      propertyPath: m_LocalRotation.x
      value: -0
      objectReference: {fileID: 0}
    - target: {fileID: 7757970061478574078, guid: d798f98ec0a853c418f38022574c5a01, type: 3}
      propertyPath: m_LocalRotation.y
      value: -0
      objectReference: {fileID: 0}
    - target: {fileID: 7757970061478574078, guid: d798f98ec0a853c418f38022574c5a01, type: 3}
      propertyPath: m_LocalRotation.z
      value: -0
      objectReference: {fileID: 0}
    - target: {fileID: 7757970061478574078, guid: d798f98ec0a853c418f38022574c5a01, type: 3}
      propertyPath: m_LocalEulerAnglesHint.x
      value: 0
      objectReference: {fileID: 0}
    - target: {fileID: 7757970061478574078, guid: d798f98ec0a853c418f38022574c5a01, type: 3}
      propertyPath: m_LocalEulerAnglesHint.y
      value: 0
      objectReference: {fileID: 0}
    - target: {fileID: 7757970061478574078, guid: d798f98ec0a853c418f38022574c5a01, type: 3}
      propertyPath: m_LocalEulerAnglesHint.z
      value: 0
      objectReference: {fileID: 0}
    m_RemovedComponents: []
  m_SourcePrefab: {fileID: 100100000, guid: d798f98ec0a853c418f38022574c5a01, type: 3}
--- !u!4 &2644560202508891120 stripped
Transform:
  m_CorrespondingSourceObject: {fileID: 7757970061478574078, guid: d798f98ec0a853c418f38022574c5a01, type: 3}
  m_PrefabInstance: {fileID: 5700015428217521166}
  m_PrefabAsset: {fileID: 0}
--- !u!1001 &6234777682321728271
PrefabInstance:
  m_ObjectHideFlags: 0
  serializedVersion: 2
  m_Modification:
    m_TransformParent: {fileID: 7064016992829254360}
    m_Modifications:
    - target: {fileID: 6981151195418848580, guid: d798f98ec0a853c418f38022574c5a01, type: 3}
      propertyPath: m_Name
      value: Service-Floor (7)
      objectReference: {fileID: 0}
    - target: {fileID: 7757970061478574078, guid: d798f98ec0a853c418f38022574c5a01, type: 3}
      propertyPath: m_RootOrder
      value: 7
      objectReference: {fileID: 0}
    - target: {fileID: 7757970061478574078, guid: d798f98ec0a853c418f38022574c5a01, type: 3}
      propertyPath: m_LocalPosition.x
      value: 0
      objectReference: {fileID: 0}
    - target: {fileID: 7757970061478574078, guid: d798f98ec0a853c418f38022574c5a01, type: 3}
      propertyPath: m_LocalPosition.y
      value: 0
      objectReference: {fileID: 0}
    - target: {fileID: 7757970061478574078, guid: d798f98ec0a853c418f38022574c5a01, type: 3}
      propertyPath: m_LocalPosition.z
      value: -6
      objectReference: {fileID: 0}
    - target: {fileID: 7757970061478574078, guid: d798f98ec0a853c418f38022574c5a01, type: 3}
      propertyPath: m_LocalRotation.w
      value: 1
      objectReference: {fileID: 0}
    - target: {fileID: 7757970061478574078, guid: d798f98ec0a853c418f38022574c5a01, type: 3}
      propertyPath: m_LocalRotation.x
      value: -0
      objectReference: {fileID: 0}
    - target: {fileID: 7757970061478574078, guid: d798f98ec0a853c418f38022574c5a01, type: 3}
      propertyPath: m_LocalRotation.y
      value: -0
      objectReference: {fileID: 0}
    - target: {fileID: 7757970061478574078, guid: d798f98ec0a853c418f38022574c5a01, type: 3}
      propertyPath: m_LocalRotation.z
      value: -0
      objectReference: {fileID: 0}
    - target: {fileID: 7757970061478574078, guid: d798f98ec0a853c418f38022574c5a01, type: 3}
      propertyPath: m_LocalEulerAnglesHint.x
      value: 0
      objectReference: {fileID: 0}
    - target: {fileID: 7757970061478574078, guid: d798f98ec0a853c418f38022574c5a01, type: 3}
      propertyPath: m_LocalEulerAnglesHint.y
      value: 0
      objectReference: {fileID: 0}
    - target: {fileID: 7757970061478574078, guid: d798f98ec0a853c418f38022574c5a01, type: 3}
      propertyPath: m_LocalEulerAnglesHint.z
      value: 0
      objectReference: {fileID: 0}
    m_RemovedComponents: []
  m_SourcePrefab: {fileID: 100100000, guid: d798f98ec0a853c418f38022574c5a01, type: 3}
--- !u!4 &4408946992287995121 stripped
Transform:
  m_CorrespondingSourceObject: {fileID: 7757970061478574078, guid: d798f98ec0a853c418f38022574c5a01, type: 3}
  m_PrefabInstance: {fileID: 6234777682321728271}
  m_PrefabAsset: {fileID: 0}
